2190 3412
266 232 335 285 34

279 1356 364 1402 le.

279 1598 359 1644 Tr.

281 1758 366 1805 Th.

281 2001 366 2047 Th.

282 2163 362 2209 Tr.

285 2650 365 2696 Tr.

869 239 918 279 T.
963 238 1157 280 MACCI
1196 237 1427 278 PLAVTI
1634 237 1740 291 [111.
1767 238 1807 279 1.
1834 237 2024 279 131-153

434 384 536 448 Eas
563 383 749 431 emisse
775 382 918 431 aedis
943 380 1119 430 hiiiius
1145 381 1315 430 dicam
1339 379 1543 429 filium:
1813 389 1922 438 (664)
1951 391 2024 429 665

434 464 660 513 calidum
686 462 859 511 hercle
885 478 997 511 esse
1022 461 1202 510 audiui
1227 461 1497 525 optumum
1521 459 1862 509 mendacium.

435 543 702 607 Quidquid
728 543 812 591 dei
837 542 1033 604 dieunt,
1059 541 1115 590 id
1140 542 1457 590 decretumst
1481 539 1665 590 dicere.

352 664 361 674 .
434 625 570 683 Quid
594 624 754 687 igitur
776 626 801 672 ἶ)
871 624 988 672 Iam
1014 622 1354 672 commentu's
1373 624 1398 670 ?

1419 702 1490 750 Di
1514 702 1675 752 istum
1698 702 2026 766 perduint-

436 787 594 835 immo
623 785 795 835 istunc
826 784 1016 849 potius.
1034 814 1102 820 —
1120 784 1218 850 [To
1250 785 1328 831 his
1359 784 1569 849 master]
1611 783 1691 831 De
1722 782 1896 831 uicino
1927 782 2026 832 hoc

703 867 956 930 proxumo

436 953 554 997 tuos
580 946 707 995 emit
732 946 876 995 aedis
901 945 1066 994 filius.

1138 1026 1321 1075 Bonan
1344 1026 1447 1073 fide
1465 1027 1491 1073 ¹?
1952 1033 2027 1072 670

349 1149 358 1159 .
439 1109 708 1173 Siquidem
733 1113 793 1157 tu
817 1111 1091 1170 argentum
1115 1107 1450 1167 reddituru⁷s‚
1477 1105 1589 1154 tiim
1614 1106 1773 1154 bona:

437 1191 484 1239 si
508 1189 808 1238 redditurus
834 1189 938 1236 non
962 1204 1030 1249 es,
1057 1203 1162 1236 non
1187 1186 1314 1235 emit
1336 1187 1483 1235 bona.

437 1272 559 1319 Non
584 1270 640 1318 in
663 1270 776 1318 loeo
800 1269 927 1318 emit
952 1269 1180 1332 perbono
1197 1269 1223 1316 ⁴?

1274 1350 1443 1397 Immo
1467 1348 1524 1396 in
1546 1348 1774 1411 optumo·

439 1432 607 1496 Cupio
631 1431 803 1480 hercle
829 1429 1085 1494 inspieere
1110 1429 1262 1477 hasee
1289 1428 1449 1477 aedis.
1519 1425 1804 1476 Pultadi'im
1827 1427 1967 1476 fores

439 1519 595 1576 atque
618 1514 777 1561 euoea
801 1511 1026 1574 aliquem
1053 1509 1194 1559 intus
1220 1510 1287 1558 ad
1310 1515 1377 1570 te,
1404 1508 1609 1557 Tranio.
1955 1517 2028 1555 6τὸ

442 1594 652 1659 [Aside]
679 1593 812 1640 Eece
837 1590 1009 1639 autem
1035 1590 1182 1653 perii.
1253 1589 1407 1638 Nune
1433 1589 1561 1652 quid
1585 1588 1752 1636 dicam
1775 1586 1964 1637 nescio.

439 1673 638 1723 Iterum
663 1673 766 1721 iam
793 1672 859 1720 ad
882 1687 1045 1719 unum
1073 1670 1252 1719 saxum
1279 1685 1360 1717 me
1384 1667 1572 1717 fluetus
1597 1669 1787 1717 ferunt.

439 1754 574 1812 Quid
600 1752 735 1801 mine
754 1754 779 1800 ἶ)

838 1834 961 1881 Non
986 1831 1159 1880 hercle
1184 1830 1312 1895 quid
1337 1846 1474 1878 nune
1497 1830 1689 1879 faciam
1713 1827 1928 1892 re'perio.

440 1915 745 1965 Manufesto
768 1919 960 1962 teneor.
1263 1953 1267 1956 ⁴

1016 1979 1317 2041 Euoeadum
1342 1991 1570 2054 aliquem
1594 1991 1753 2051 ocius,

440 2083 565 2139 roga
589 2076 956 2125 circumducat.

1010 2154 1158 2204 Heus
1182 2159 1256 2215 tu,
1283 2158 1337 2202 at
1361 2152 1446 2202 hic
1471 2157 1593 2202 sunt
1617 2150 1888 2200 mulieres:
1954 2161 2028 2199 680

440 2239 778 2288 uidendumst
802 2236 1044 2301 primum,
1066 2240 1238 2283 utrum
1261 2234 1350 2283 eae
1375 2233 1606 2282 uelintne
1632 2248 1698 2281 an
1722 2232 1826 2280 non
1843 2229 2025 2278 uelint.

442 2329 647 2375 Bonum
671 2325 991 2387 aequomque
1015 2338 1143 2371 oras.
1216 2307 1258 2383 Ϊ,
1284 2325 1585 2385 percontare
1611 2320 1663 2367 et
1687 2334 1836 2381 roga:

471 2442 786 2507 [Preparinq
811 2447 858 2487 to
883 2441 1065 2487 station
1091 2439 1298 2498 himself
1315 2438 1475 2497 before
1501 2435 1687 2484 Simo’s
1710 2433 1876 2499 domn]

443 2580 537 2628 ego
561 2563 646 2612 hie
670 2563 942 2626 tantisper,
970 2562 1093 2609 dum
1119 2561 1244 2622 exis,
1271 2565 1323 2608 te
1348 2558 1586 2623 opperiar
1610 2556 1754 2606 foris.

442 2646 511 2694 Di
535 2645 588 2694 te
612 2645 840 2714 deaeque
866 2643 1035 2691 omnis
1060 2641 1301 2690 funditus
1319 2640 1561 2707 ‘pei-dant,
1589 2653 1772 2687 senex:

445 2726 521 2775 ita
544 2741 659 2774 mea
682 2724 900 2773 consilia
923 2723 1153 2786 undique
1180 2721 1446 2785 oppugnas
1471 2719 1619 2768 male.
1956 2727 2029 2766 685

443 2808 621 2869 Eugae
646 2806 855 2868 optume
881 2809 1056 2852 eeeum
1082 2802 1288 2851 aedium
1314 2798 1553 2849 dominus
1578 2800 1718 2848 foras

447 2886 587 2936 Simo
628 2885 957 2949 progreditur
999 2882 1155 2931 intus.
1234 2881 1406 2946 [Sceps
1446 2883 1551 2928 into
1593 2880 1669 2928 the
1708 2878 1861 2945 alley]
1909 2876 2031 2925 Huc

711 2964 1026 3024 concessero,
