2190 3412
221 241 224 243 ’
288 245 324 288 1.
347 245 390 288 2.
413 245 572 302 23-54]
939 247 1387 289 MOSTELLARIA.
2008 232 2038 286 7

588 375 772 454 Atque
791 390 882 439 ubi
906 390 1000 439 illo
1024 378 1273 453 inniigrat
1300 396 1521 454 nequam
1547 386 1716 453 homo,
1740 390 2039 454 indiligens,

588 469 705 519 cum
728 470 880 534 pigra
902 470 1121 533 semilia,
1147 469 1445 532 inmundus,
1471 471 1784 533 instrenuos,
1972 483 2042 519 106

422 601 426 604 ,
454 550 541 600 1110
564 550 669 600 iam
698 551 910 600 aedibus
939 551 1129 600 uitium
1161 551 1372 600 edditur
1404 552 1567 601 bonae
1603 568 1758 616 quom
1793 550 2042 602 curantur

721 632 870 681 male.

587 697 773 777 Atque
798 713 933 762 illud
958 713 1111 778 saepe
1135 713 1222 763 fit:
1261 713 1547 777 tempestas
1572 713 1734 777 uenit,

588 793 876 856 cenfringit
901 794 1104 856 tegulas
1130 794 1500 858 imbricesque:
1539 793 1615 843 ibi

590 875 828 924 deminus
854 874 1138 938 indiligens
1162 875 1376 924 reddere
1402 875 1532 924 alies
1556 875 1749 924 neuolt.
1973 885 2045 923 110

589 955 749 1005 Venit
775 955 953 1017 imber,
979 955 1113 1005 lauit
1137 956 1389 1020 perietes:
1428 956 1734 1019 perpluont:

588 1035 738 1099 tigna
761 1036 1073 1100 putrefacit3
1112 1036 1156 1085 it
1179 1052 1271 1101 per
1296 1036 1502 1100 operam
1522 1035 1693 1086 fabri:

590 1117 808 1180 nequior
833 1117 1006 1167 fectus
1033 1117 1190 1166 iamst
1212 1116 1338 1166 usus
1364 1117 1583 1166 aedium.

589 1183 774 1262 Atque
798 1197 940 1247 haud
964 1202 1044 1247 est
1069 1197 1207 1247 fabri
1231 1197 1398 1262 culpa,
1426 1198 1517 1247 sed
1539 1197 1729 1261 magna
1750 1212 1872 1261 pars

455 1278 650 1328 merem
709 1279 849 1327 hunc
915 1279 1261 1328 induxerunt:
1342 1278 1519 1342 siquid
1584 1277 1794 1327 nummo
1863 1278 2044 1328 sarciri

721 1364 909 1423 potest,
1527 1393 1531 1396 «
1973 1371 2043 1407 115

589 1442 752 1506 {isque
777 1440 1017 1489 mantent
1040 1456 1208 1504 neque
1232 1440 1288 1489 id
1311 1440 1529 1502 seiciunt,
1554 1438 1800 1489 donicum

455 1523 682 1587 parietes
707 1525 862 1570 ruent
877 1550 945 1558 —
961 1521 1300 1570 aedificantur
1324 1521 1476 1570 aedes
1501 1525 1643 1569 totae
1667 1521 1848 1570 denuo,

456 1605 603 1653 Haec
624 1603 930 1667 argumenta
955 1617 1049 1663 ego
1075 1601 1326 1651 aedificiis
1353 1601 1489 1650 dixi:
1525 1617 1661 1650 nunc
1680 1602 1838 1650 etiaim
1857 1602 1977 1650 uolo

457 1684 512 1734 id
531 1684 717 1746 dicere,
738 1688 798 1732 ut
819 1682 1046 1732 hominis
1067 1683 1270 1731 aedium
1294 1698 1406 1732 esse
1427 1681 1613 1731 similis
1633 1682 1974 1731 arbitremini.

589 1765 948 1816 Primumdum
977 1765 1219 1829 parentes
1245 1762 1384 1812 fabri
1408 1761 1627 1811 liberum
1655 1767 1804 1812 sunt:
1974 1773 2044 1810 120

589 1848 637 1897 ei
661 1844 1061 1896 fundamentum
1089 1845 1393 1894 substruent
1417 1843 1711 1906 libererum,

588 1928 863 1989 extellunt,
891 1927 1080 1991 parent
1105 1924 1286 1975 sedulo
1310 1923 1363 1972 in
1389 1924 1708 1987 firmitatem,

655 2014 723 2070 et,
749 2008 809 2058 ut
832 2008 887 2057 in
913 2024 1063 2056 usum
1088 2005 1211 2055 ben'I
1235 2004 1288 2054 et
1311 2005 1366 2053 in
1387 2004 1616 2068 ‘speciem

588 2089 780 2154 popule
806 2089 912 2139 sint
942 2087 1159 2151 sibique,
1185 2086 1327 2135 haud
1353 2085 1600 2134 materiae
1625 2086 1916 2150 repercunt,

586 2186 681 2219 nec
706 2169 946 2234 sumptus
972 2168 1046 2217 ibi
1073 2166 1305 2231 sumptui
1332 2167 1443 2215 esse
1468 2166 1677 2215 ducunt.
1971 2178 2042 2216 125

587 2251 892 2314 Expeliunt,
919 2250 1106 2299 docent
1132 2247 1352 2308 littere&
1378 2246 1506 2309 iura,
1531 2246 1672 2311 leges

656 2329 863 2395 sumptu
889 2346 981 2379 suo
1007 2334 1059 2379 et
1082 2329 1284 2379 labere:

453 2409 695 2460 nituntur
718 2416 777 2460 ut
801 2410 893 2460 alii
917 2410 1017 2459 sibi
1042 2425 1154 2459 esse
1182 2409 1391 2458 illerum
1419 2407 1608 2457 similis
1633 2408 1895 2472 expetant.

658 2492 739 2540 Ad
763 2491 1017 2554 legionem
1043 2489 1381 2539 adminiclum
1407 2488 1482 2561 gis
1507 2488 1710 2538 danunt

651 2577 765 2621 tum
789 2572 908 2633 iam,
934 2571 1162 2635 aliquem
1187 2568 1462 2633 cognatum
1488 2585 1648 2620 suom.
1968 2582 2039 2620 130

453 2653 698 2702 Eetenus.
784 2652 996 2702 Abeunt
1043 2651 1075 2700 εἰ
1122 2651 1311 2701 fabrIS:
1369 2666 1531 2699 unum
1577 2649 1666 2699 ubi
1712 2650 2037 2701 emeritumst

720 2732 1055 2797 stipendium,

451 2812 612 2876 igitur
635 2818 747 2862 tum
773 2812 1031 2877 specimen
1059 2811 1300 2873 cernitur,
1327 2827 1429 2875 quo
1453 2810 1661 2861 eueniat
1686 2811 1993 2863 aedificetiO.

583 2885 719 2942 Nem
746 2908 840 2954 ego
865 2893 930 2941 ad
954 2891 1088 2940 illud
1112 2892 1253 2954 frugi
1279 2907 1441 2956 usque
1466 2892 1519 2940 et
1542 2892 1734 2956 probus
1759 2892 1856 2955 fui,

574 2973 639 3022 *in
665 2972 931 3022 fabrorum
956 2972 1215 3036 potestete
1240 2972 1363 3021 dum
1388 2971 1482 3021 fui.
