<?xml version="1.0" encoding="UTF-8"?>
<!DOCTYPE html PUBLIC "-//W3C//DTD XHTML 1.0 Transitional//EN"
    "http://www.w3.org/TR/xhtml1/DTD/xhtml1-transitional.dtd">
<html xmlns="http://www.w3.org/1999/xhtml" xml:lang="en" lang="en">
 <head>
  <title>
</title>
<meta http-equiv="Content-Type" content="text/html;charset=utf-8" />
  <meta name='ocr-system' content='tesseract 3.04.00' />
  <meta name='ocr-capabilities' content='ocr_page ocr_carea ocr_par ocr_line ocrx_word'/>
</head>
<body>
  <div class='ocr_page' id='page_1' title='image "./mostellaria00plauuoft_0094.png"; bbox 0 0 2190 3412; ppageno 0'>
   <div class='ocr_carea' id='block_1_1' title="bbox 263 225 335 276">
    <p class='ocr_par' dir='ltr' id='par_1_1' title="bbox 263 225 335 276">
     <span class='ocr_line' id='line_1_1' title="bbox 263 225 335 276; baseline 0 0"><span class='ocrx_word' id='word_1_1' title='bbox 263 225 335 276; x_wconf 84' lang='lat'>42</span> 
     </span>
    </p>
   </div>
   <div class='ocr_carea' id='block_1_2' title="bbox 273 787 354 833">
    <p class='ocr_par' dir='ltr' id='par_1_2' title="bbox 273 787 354 833">
     <span class='ocr_line' id='line_1_2' title="bbox 273 787 354 833; baseline 0 -1"><span class='ocrx_word' id='word_1_2' title='bbox 273 787 354 833; x_wconf 77' lang='lat' dir='ltr'>Tr.</span> 
     </span>
    </p>
   </div>
   <div class='ocr_carea' id='block_1_3' title="bbox 273 1110 357 1236">
    <p class='ocr_par' dir='ltr' id='par_1_3' title="bbox 273 1110 357 1236">
     <span class='ocr_line' id='line_1_3' title="bbox 273 1110 352 1156; baseline 0 -1"><span class='ocrx_word' id='word_1_3' title='bbox 273 1110 352 1156; x_wconf 76' lang='lat' dir='ltr'>Tr.</span> 
     </span>
     <span class='ocr_line' id='line_1_4' title="bbox 273 1190 357 1236; baseline 0 0"><span class='ocrx_word' id='word_1_4' title='bbox 273 1190 357 1236; x_wconf 99' lang='lat' dir='ltr'>Th.</span> 
     </span>
    </p>
   </div>
   <div class='ocr_carea' id='block_1_4' title="bbox 265 1351 329 1400">
    <p class='ocr_par' dir='ltr' id='par_1_4' title="bbox 265 1351 329 1400">
     <span class='ocr_line' id='line_1_5' title="bbox 265 1351 329 1400; baseline -0.031 0"><span class='ocrx_word' id='word_1_5' title='bbox 265 1351 329 1400; x_wconf 71' lang='lat' dir='ltr'>Sz·</span> 
     </span>
    </p>
   </div>
   <div class='ocr_carea' id='block_1_5' title="bbox 264 1512 340 1560">
    <p class='ocr_par' dir='ltr' id='par_1_5' title="bbox 264 1512 340 1560">
     <span class='ocr_line' id='line_1_6' title="bbox 264 1512 340 1560; baseline -0.013 0"><span class='ocrx_word' id='word_1_6' title='bbox 264 1512 340 1560; x_wconf 80' lang='lat' dir='ltr'>Sz.</span> 
     </span>
    </p>
   </div>
   <div class='ocr_carea' id='block_1_6' title="bbox 272 1755 362 1801">
    <p class='ocr_par' dir='ltr' id='par_1_6' title="bbox 272 1755 362 1801">
     <span class='ocr_line' id='line_1_7' title="bbox 272 1755 362 1801; baseline 0 0"><span class='ocrx_word' id='word_1_7' title='bbox 272 1755 362 1801; x_wconf 90' lang='lat' dir='ltr'>Th.</span> 
     </span>
    </p>
   </div>
   <div class='ocr_carea' id='block_1_7' title="bbox 264 1916 340 1964">
    <p class='ocr_par' dir='ltr' id='par_1_7' title="bbox 264 1916 340 1964">
     <span class='ocr_line' id='line_1_8' title="bbox 264 1916 340 1964; baseline -0.013 0"><span class='ocrx_word' id='word_1_8' title='bbox 264 1916 340 1964; x_wconf 71' lang='lat' dir='ltr'>Si.</span> 
     </span>
    </p>
   </div>
   <div class='ocr_carea' id='block_1_8' title="bbox 272 1998 362 2044">
    <p class='ocr_par' dir='ltr' id='par_1_8' title="bbox 272 1998 362 2044">
     <span class='ocr_line' id='line_1_9' title="bbox 272 1998 362 2044; baseline 0 0"><span class='ocrx_word' id='word_1_9' title='bbox 272 1998 362 2044; x_wconf 94' lang='lat' dir='ltr'>Th.</span> 
     </span>
    </p>
   </div>
   <div class='ocr_carea' id='block_1_9' title="bbox 265 2078 341 2126">
    <p class='ocr_par' dir='ltr' id='par_1_9' title="bbox 265 2078 341 2126">
     <span class='ocr_line' id='line_1_10' title="bbox 265 2078 341 2126; baseline -0.026 0"><span class='ocrx_word' id='word_1_10' title='bbox 265 2078 341 2126; x_wconf 73' lang='lat' dir='ltr'>Si.</span> 
     </span>
    </p>
   </div>
   <div class='ocr_carea' id='block_1_10' title="bbox 273 2160 362 2448">
    <p class='ocr_par' dir='ltr' id='par_1_10' title="bbox 273 2160 362 2448">
     <span class='ocr_line' id='line_1_11' title="bbox 273 2160 361 2206; baseline 0.011 -1"><span class='ocrx_word' id='word_1_11' title='bbox 273 2160 361 2206; x_wconf 90' lang='lat' dir='ltr'>Th.</span> 
     </span>
     <span class='ocr_line' id='line_1_12' title="bbox 273 2241 352 2287; baseline 0 -1"><span class='ocrx_word' id='word_1_12' title='bbox 273 2241 352 2287; x_wconf 83' lang='lat' dir='ltr'>Tr.</span> 
     </span>
     <span class='ocr_line' id='line_1_13' title="bbox 273 2321 362 2367; baseline -0.011 0"><span class='ocrx_word' id='word_1_13' title='bbox 273 2321 362 2367; x_wconf 92' lang='lat' dir='ltr'>Th.</span> 
     </span>
     <span class='ocr_line' id='line_1_14' title="bbox 273 2402 352 2448; baseline 0 -1"><span class='ocrx_word' id='word_1_14' title='bbox 273 2402 352 2448; x_wconf 78' lang='lat' dir='ltr'>Tr.</span> 
     </span>
    </p>
   </div>
   <div class='ocr_carea' id='block_1_11' title="bbox 266 2642 341 2690">
    <p class='ocr_par' dir='ltr' id='par_1_11' title="bbox 266 2642 341 2690">
     <span class='ocr_line' id='line_1_15' title="bbox 266 2642 341 2690; baseline -0.013 0"><span class='ocrx_word' id='word_1_15' title='bbox 266 2642 341 2690; x_wconf 70' lang='lat' dir='ltr'>St.</span> 
     </span>
    </p>
   </div>
   <div class='ocr_carea' id='block_1_12' title="bbox 276 2963 365 3010">
    <p class='ocr_par' dir='ltr' id='par_1_12' title="bbox 276 2963 365 3010">
     <span class='ocr_line' id='line_1_16' title="bbox 276 2963 365 3010; baseline -0.011 0"><span class='ocrx_word' id='word_1_16' title='bbox 276 2963 365 3010; x_wconf 89' lang='lat' dir='ltr'>Th.</span> 
     </span>
    </p>
   </div>
   <div class='ocr_carea' id='block_1_13' title="bbox 272 1433 358 1479">
    <p class='ocr_par' dir='ltr' id='par_1_13' title="bbox 272 1433 358 1479">
     <span class='ocr_line' id='line_1_17' title="bbox 272 1433 358 1479; baseline -0.012 0"><span class='ocrx_word' id='word_1_17' title='bbox 272 1433 358 1479; x_wconf 90' lang='lat' dir='ltr'>Th.</span> 
     </span>
    </p>
   </div>
   <div class='ocr_carea' id='block_1_14' title="bbox 868 208 2016 291">
    <p class='ocr_par' dir='ltr' id='par_1_14' title="bbox 868 208 2016 291">
     <span class='ocr_line' id='line_1_18' title="bbox 868 208 2016 291; baseline 0.001 -13"><span class='ocrx_word' id='word_1_18' title='bbox 868 239 917 278; x_wconf 88' lang='lat' dir='ltr'>T.</span> <span class='ocrx_word' id='word_1_19' title='bbox 963 231 1173 279; x_wconf 77' lang='lat' dir='ltr'>MAool&#39;</span> <span class='ocrx_word' id='word_1_20' title='bbox 1195 238 1423 278; x_wconf 76' lang='lat' dir='ltr'>PLAv&#39;ri</span> <span class='ocrx_word' id='word_1_21' title='bbox 1629 237 1736 291; x_wconf 90' lang='lat'>[111.</span> <span class='ocrx_word' id='word_1_22' title='bbox 1759 236 1801 278; x_wconf 83' lang='lat'>2.</span> <span class='ocrx_word' id='word_1_23' title='bbox 1828 208 2016 280; x_wconf 73' lang='lat' dir='ltr'>&#39;ue-m</span> 
     </span>
    </p>
   </div>
   <div class='ocr_carea' id='block_1_15' title="bbox 426 380 2023 3010">
    <p class='ocr_par' dir='ltr' id='par_1_15' title="bbox 426 380 2023 3010">
     <span class='ocr_line' id='line_1_19' title="bbox 432 380 1816 448; baseline 0.001 -20"><span class='ocrx_word' id='word_1_24' title='bbox 432 380 612 429; x_wconf 84' lang='lat' dir='ltr'>cornix</span> <span class='ocrx_word' id='word_1_25' title='bbox 638 385 802 430; x_wconf 85' lang='lat' dir='ltr'>astat:</span> <span class='ocrx_word' id='word_1_26' title='bbox 841 381 902 430; x_wconf 79' lang='grc'>66</span> <span class='ocrx_word' id='word_1_27' title='bbox 924 380 1178 430; x_wconf 86' lang='lat' dir='ltr'>uolturios</span> <span class='ocrx_word' id='word_1_28' title='bbox 1203 381 1306 448; x_wconf 73' lang='lat' dir='ltr'>duo</span> <span class='ocrx_word' id='word_1_29' title='bbox 1330 380 1565 430; x_wconf 86' lang='lat' dir='ltr'>uicissim</span> <span class='ocrx_word' id='word_1_30' title='bbox 1588 380 1816 430; x_wconf 77' lang='lat' dir='ltr'>uellicat.</span> 
     </span>
     <span class='ocr_line' id='line_1_20' title="bbox 434 459 2018 526; baseline 0.001 -17"><span class='ocrx_word' id='word_1_31' title='bbox 434 461 636 518; x_wconf 77' lang='lat' dir='ltr'>Quaeso</span> <span class='ocrx_word' id='word_1_32' title='bbox 683 462 786 510; x_wconf 88' lang='lat' dir='ltr'>huc</span> <span class='ocrx_word' id='word_1_33' title='bbox 833 462 901 510; x_wconf 92' lang='lat' dir='ltr'>ad</span> <span class='ocrx_word' id='word_1_34' title='bbox 947 476 1031 510; x_wconf 91' lang='lat' dir='ltr'>me</span> <span class='ocrx_word' id='word_1_35' title='bbox 1079 462 1272 525; x_wconf 77' lang='lat' dir='ltr'>specta,</span> <span class='ocrx_word' id='word_1_36' title='bbox 1311 461 1569 511; x_wconf 80' lang='lat' dir='ltr'>cornicem</span> <span class='ocrx_word' id='word_1_37' title='bbox 1615 459 1675 510; x_wconf 77' lang='lat' dir='ltr'>ut</span> <span class='ocrx_word' id='word_1_38' title='bbox 1721 461 2018 526; x_wconf 76' lang='lat' dir='ltr'>conspicere</span> 
     </span>
     <span class='ocr_line' id='line_1_21' title="bbox 699 541 2020 605; baseline 0.001 -14"><span class='ocrx_word' id='word_1_39' title='bbox 699 541 898 605; x_wconf 86' lang='lat' dir='ltr'>possies</span> <span class='ocrx_word' id='word_1_40' title='bbox 919 560 930 590; x_wconf 78' lang='grc' dir='ltr'><strong><em>ε</em></strong></span> <span class='ocrx_word' id='word_1_41' title='bbox 1947 553 2020 592; x_wconf 79' lang='grc'>835</span> 
     </span>
     <span class='ocr_line' id='line_1_22' title="bbox 433 622 756 672; baseline 0.009 -2"><span class='ocrx_word' id='word_1_42' title='bbox 433 622 538 672; x_wconf 75' lang='lat' dir='ltr'>iam</span> <span class='ocrx_word' id='word_1_43' title='bbox 561 623 710 672; x_wconf 87' lang='lat' dir='ltr'>uides</span> <span class='ocrx_word' id='word_1_44' title='bbox 729 625 756 672; x_wconf 79' lang='lat'>⁴?</span> 
     </span>
     <span class='ocr_line' id='line_1_23' title="bbox 649 703 2017 767; baseline 0.001 -15"><span class='ocrx_word' id='word_1_45' title='bbox 649 703 896 752; x_wconf 80' lang='lat' dir='ltr'>Profecto</span> <span class='ocrx_word' id='word_1_46' title='bbox 920 704 1119 752; x_wconf 88' lang='lat' dir='ltr'>nullam</span> <span class='ocrx_word' id='word_1_47' title='bbox 1146 703 1387 767; x_wconf 85' lang='lat' dir='ltr'>equidem</span> <span class='ocrx_word' id='word_1_48' title='bbox 1412 703 1523 753; x_wconf 88' lang='lat' dir='ltr'>illic</span> <span class='ocrx_word' id='word_1_49' title='bbox 1547 703 1806 753; x_wconf 84' lang='lat' dir='ltr'>cornicem</span> <span class='ocrx_word' id='word_1_50' title='bbox 1827 703 2017 754; x_wconf 85' lang='lat' dir='ltr'>intuor.</span> 
     </span>
     <span class='ocr_line' id='line_1_24' title="bbox 427 770 1952 848; baseline 0.001 -15"><span class='ocrx_word' id='word_1_51' title='bbox 427 770 509 833; x_wconf 62' lang='lat' dir='ltr'>At</span> <span class='ocrx_word' id='word_1_52' title='bbox 532 789 592 833; x_wconf 90' lang='lat' dir='ltr'>tu</span> <span class='ocrx_word' id='word_1_53' title='bbox 618 784 720 834; x_wconf 86' lang='lat' dir='ltr'>isto</span> <span class='ocrx_word' id='word_1_54' title='bbox 746 785 810 833; x_wconf 91' lang='lat' dir='ltr'>ad</span> <span class='ocrx_word' id='word_1_55' title='bbox 837 800 931 833; x_wconf 87' lang='lat' dir='ltr'>uos</span> <span class='ocrx_word' id='word_1_56' title='bbox 958 785 1188 848; x_wconf 83' lang='lat' dir='ltr'>optuere,</span> <span class='ocrx_word' id='word_1_57' title='bbox 1216 784 1462 847; x_wconf 89' lang='lat' dir='ltr'>quoniam</span> <span class='ocrx_word' id='word_1_58' title='bbox 1488 783 1740 833; x_wconf 80' lang='lat' dir='ltr'>cornicem</span> <span class='ocrx_word' id='word_1_59' title='bbox 1766 784 1952 848; x_wconf 87' lang='lat' dir='ltr'>nequis</span> 
     </span>
     <span class='ocr_line' id='line_1_25' title="bbox 432 864 1664 929; baseline 0 -16"><span class='ocrx_word' id='word_1_60' title='bbox 432 865 736 929; x_wconf 88' lang='lat' dir='ltr'>conspicari,</span> <span class='ocrx_word' id='word_1_61' title='bbox 765 864 810 914; x_wconf 88' lang='lat' dir='ltr'>si</span> <span class='ocrx_word' id='word_1_62' title='bbox 833 865 1092 913; x_wconf 87' lang='lat' dir='ltr'>uolturios</span> <span class='ocrx_word' id='word_1_63' title='bbox 1117 865 1254 913; x_wconf 83' lang='lat' dir='ltr'>forte</span> <span class='ocrx_word' id='word_1_64' title='bbox 1278 864 1449 929; x_wconf 84' lang='lat' dir='ltr'>possis</span> <span class='ocrx_word' id='word_1_65' title='bbox 1473 864 1664 913; x_wconf 85' lang='lat' dir='ltr'>contui.</span> 
     </span>
     <span class='ocr_line' id='line_1_26' title="bbox 427 935 2019 1010; baseline 0.001 -15"><span class='ocrx_word' id='word_1_66' title='bbox 427 935 655 995; x_wconf 79' lang='lat' dir='ltr'>Omnino</span> <span class='ocrx_word' id='word_1_67' title='bbox 687 950 748 994; x_wconf 86' lang='lat' dir='ltr'>ut</span> <span class='ocrx_word' id='word_1_68' title='bbox 779 951 832 994; x_wconf 89' lang='lat' dir='ltr'>te</span> <span class='ocrx_word' id='word_1_69' title='bbox 867 945 1150 1007; x_wconf 87' lang='lat' dir='ltr'>absoluam‚</span> <span class='ocrx_word' id='word_1_70' title='bbox 1176 945 1377 994; x_wconf 87' lang='lat' dir='ltr'>nullam</span> <span class='ocrx_word' id='word_1_71' title='bbox 1409 944 1604 1009; x_wconf 77' lang='lat' dir='ltr'>pictam</span> <span class='ocrx_word' id='word_1_72' title='bbox 1638 945 1901 1010; x_wconf 82' lang='lat' dir='ltr'>conspicio</span> <span class='ocrx_word' id='word_1_73' title='bbox 1932 946 2019 997; x_wconf 89' lang='lat' dir='ltr'>hic</span> 
     </span>
     <span class='ocr_line' id='line_1_27' title="bbox 701 1042 864 1075; baseline -0.006 0"><span class='ocrx_word' id='word_1_74' title='bbox 701 1042 864 1075; x_wconf 91' lang='lat' dir='ltr'>auem.</span> 
     </span>
     <span class='ocr_line' id='line_1_28' title="bbox 426 1093 2022 1171; baseline 0.001 -15"><span class='ocrx_word' id='word_1_75' title='bbox 426 1093 547 1169; x_wconf 49' lang='lat' dir='ltr'>sige</span> <span class='ocrx_word' id='word_1_76' title='bbox 572 1107 691 1169; x_wconf 86' lang='lat' dir='ltr'>iam,</span> <span class='ocrx_word' id='word_1_77' title='bbox 711 1107 878 1169; x_wconf 88' lang='lat' dir='ltr'>mitto,</span> <span class='ocrx_word' id='word_1_78' title='bbox 900 1107 1136 1170; x_wconf 80' lang='lat' dir='ltr'>ignosco:</span> <span class='ocrx_word' id='word_1_79' title='bbox 1177 1111 1347 1156; x_wconf 89' lang='lat' dir='ltr'>aetate</span> <span class='ocrx_word' id='word_1_80' title='bbox 1365 1108 1469 1156; x_wconf 90' lang='lat' dir='ltr'>non</span> <span class='ocrx_word' id='word_1_81' title='bbox 1494 1107 1613 1171; x_wconf 87' lang='lat' dir='ltr'>quis</span> <span class='ocrx_word' id='word_1_82' title='bbox 1631 1107 1908 1171; x_wconf 79' lang='lat' dir='ltr'>optuorier.</span> <span class='ocrx_word' id='word_1_83' title='bbox 1949 1119 2022 1158; x_wconf 74' lang='lat'>840</span> 
     </span>
     <span class='ocr_line' id='line_1_29' title="bbox 427 1187 2021 1252; baseline 0 -15"><span class='ocrx_word' id='word_1_84' title='bbox 427 1189 578 1237; x_wconf 77' lang='lat' dir='ltr'>Haec</span> <span class='ocrx_word' id='word_1_85' title='bbox 601 1203 731 1251; x_wconf 91' lang='lat' dir='ltr'>quae</span> <span class='ocrx_word' id='word_1_86' title='bbox 758 1204 985 1252; x_wconf 83' lang='lat' dir='ltr'>possum,</span> <span class='ocrx_word' id='word_1_87' title='bbox 1015 1203 1076 1237; x_wconf 90' lang='grc'>66</span> <span class='ocrx_word' id='word_1_88' title='bbox 1100 1187 1232 1235; x_wconf 91' lang='lat' dir='ltr'>mihi</span> <span class='ocrx_word' id='word_1_89' title='bbox 1262 1188 1497 1252; x_wconf 85' lang='lat' dir='ltr'>profecto</span> <span class='ocrx_word' id='word_1_90' title='bbox 1533 1187 1720 1238; x_wconf 73' lang='lat' dir='ltr'>cuncta</span> <span class='ocrx_word' id='word_1_91' title='bbox 1750 1188 2021 1238; x_wconf 86' lang='lat' dir='ltr'>uehemen-</span> 
     </span>
     <span class='ocr_line' id='line_1_30' title="bbox 700 1270 1025 1333; baseline 0.003 -16"><span class='ocrx_word' id='word_1_92' title='bbox 700 1270 780 1317; x_wconf 76' lang='lat' dir='ltr'>ter</span> <span class='ocrx_word' id='word_1_93' title='bbox 804 1270 1025 1333; x_wconf 83' lang='lat' dir='ltr'>placent.</span> 
     </span>
     <span class='ocr_line' id='line_1_31' title="bbox 435 1349 1570 1414; baseline 0.001 -16"><span class='ocrx_word' id='word_1_94' title='bbox 435 1350 619 1400; x_wconf 73' lang='lat' dir='ltr'>Latius</span> <span class='ocrx_word' id='word_1_95' title='bbox 646 1350 908 1399; x_wconf 85' lang='lat' dir='ltr'>demumst</span> <span class='ocrx_word' id='word_1_96' title='bbox 934 1351 1118 1414; x_wconf 82' lang='lat' dir='ltr'>operae</span> <span class='ocrx_word' id='word_1_97' title='bbox 1144 1349 1371 1413; x_wconf 89' lang='lat' dir='ltr'>pretium</span> <span class='ocrx_word' id='word_1_98' title='bbox 1398 1349 1570 1399; x_wconf 85' lang='lat' dir='ltr'>iuisse.</span> 
     </span>
     <span class='ocr_line' id='line_1_32' title="bbox 1430 1430 2018 1496; baseline 0.003 -17"><span class='ocrx_word' id='word_1_99' title='bbox 1430 1431 1594 1480; x_wconf 81' lang='lat' dir='ltr'>Recte</span> <span class='ocrx_word' id='word_1_100' title='bbox 1618 1430 1802 1496; x_wconf 78' lang='lat' dir='ltr'>edepol</span> <span class='ocrx_word' id='word_1_101' title='bbox 1826 1446 2018 1481; x_wconf 89' lang='lat' dir='ltr'>mones.</span> 
     </span>
     <span class='ocr_line' id='line_1_33' title="bbox 433 1497 2018 1579; baseline 0 -20"><span class='ocrx_word' id='word_1_102' title='bbox 433 1497 562 1573; x_wconf 73' lang='lat' dir='ltr'>Eho,</span> <span class='ocrx_word' id='word_1_103' title='bbox 584 1511 758 1579; x_wconf 65' lang='lat' dir='ltr'>istum,</span> <span class='ocrx_word' id='word_1_104' title='bbox 780 1527 950 1575; x_wconf 88' lang='lat' dir='ltr'>puere,</span> <span class='ocrx_word' id='word_1_105' title='bbox 972 1511 1295 1560; x_wconf 80' lang='lat' dir='ltr'>circumduce</span> <span class='ocrx_word' id='word_1_106' title='bbox 1319 1511 1474 1560; x_wconf 87' lang='lat' dir='ltr'>hasce</span> <span class='ocrx_word' id='word_1_107' title='bbox 1498 1512 1643 1561; x_wconf 76' lang='lat' dir='ltr'>aedis</span> <span class='ocrx_word' id='word_1_108' title='bbox 1663 1517 1715 1560; x_wconf 85' lang='lat' dir='ltr'>et</span> <span class='ocrx_word' id='word_1_109' title='bbox 1739 1510 2018 1561; x_wconf 70' lang='lat' dir='ltr'>conclauia.</span> 
     </span>
     <span class='ocr_line' id='line_1_34' title="bbox 431 1591 2020 1656; baseline 0 -16"><span class='ocrx_word' id='word_1_110' title='bbox 431 1593 567 1640; x_wconf 88' lang='lat' dir='ltr'>Nam</span> <span class='ocrx_word' id='word_1_111' title='bbox 616 1593 818 1654; x_wconf 79' lang='lat' dir='ltr'>egomet</span> <span class='ocrx_word' id='word_1_112' title='bbox 864 1592 1151 1653; x_wconf 76' lang='lat' dir='ltr'>ductarem,</span> <span class='ocrx_word' id='word_1_113' title='bbox 1198 1592 1303 1640; x_wconf 86' lang='lat' dir='ltr'>nisi</span> <span class='ocrx_word' id='word_1_114' title='bbox 1350 1591 1422 1639; x_wconf 91' lang='lat' dir='ltr'>mi</span> <span class='ocrx_word' id='word_1_115' title='bbox 1474 1596 1613 1641; x_wconf 87' lang='lat' dir='ltr'>esset</span> <span class='ocrx_word' id='word_1_116' title='bbox 1658 1592 1797 1656; x_wconf 72' lang='lat' dir='ltr'>apud</span> <span class='ocrx_word' id='word_1_117' title='bbox 1848 1592 2020 1641; x_wconf 86' lang='lat' dir='ltr'>forum</span> 
     </span>
     <span class='ocr_line' id='line_1_35' title="bbox 699 1673 2023 1735; baseline 0.001 -14"><span class='ocrx_word' id='word_1_118' title='bbox 699 1673 979 1735; x_wconf 75' lang='lat' dir='ltr'>negotium.</span> <span class='ocrx_word' id='word_1_119' title='bbox 1949 1684 2023 1722; x_wconf 79' lang='lat'>844</span> 
     </span>
     <span class='ocr_line' id='line_1_36' title="bbox 433 1740 2018 1817; baseline 0 -15"><span class='ocrx_word' id='word_1_120' title='bbox 433 1740 622 1817; x_wconf 59' lang='lat' dir='ltr'>Apage</span> <span class='ocrx_word' id='word_1_121' title='bbox 656 1754 815 1802; x_wconf 87' lang='lat' dir='ltr'>istum</span> <span class='ocrx_word' id='word_1_122' title='bbox 843 1769 874 1802; x_wconf 93' lang='lat' dir='ltr'>a</span> <span class='ocrx_word' id='word_1_123' title='bbox 897 1769 979 1801; x_wconf 88' lang='lat' dir='ltr'>me</span> <span class='ocrx_word' id='word_1_124' title='bbox 1008 1753 1396 1817; x_wconf 73' lang='lat' dir='ltr'>perductorem:</span> <span class='ocrx_word' id='word_1_125' title='bbox 1434 1753 1510 1801; x_wconf 87' lang='lat' dir='ltr'>nil</span> <span class='ocrx_word' id='word_1_126' title='bbox 1543 1769 1714 1802; x_wconf 86' lang='lat' dir='ltr'>moror</span> <span class='ocrx_word' id='word_1_127' title='bbox 1746 1753 2018 1802; x_wconf 73' lang='lat' dir='ltr'>ductarier.</span> 
     </span>
     <span class='ocr_line' id='line_1_37' title="bbox 431 1833 2019 1898; baseline 0.001 -16"><span class='ocrx_word' id='word_1_128' title='bbox 431 1834 690 1897; x_wconf 79' lang='lat' dir='ltr'>Quicquid</span> <span class='ocrx_word' id='word_1_129' title='bbox 715 1839 808 1896; x_wconf 81' lang='lat' dir='ltr'>est,</span> <span class='ocrx_word' id='word_1_130' title='bbox 835 1834 1016 1882; x_wconf 79' lang='lat' dir='ltr'>errabo</span> <span class='ocrx_word' id='word_1_131' title='bbox 1045 1833 1220 1897; x_wconf 85' lang='lat' dir='ltr'>potius</span> <span class='ocrx_word' id='word_1_132' title='bbox 1251 1834 1407 1897; x_wconf 76' lang='lat' dir='ltr'>quam</span> <span class='ocrx_word' id='word_1_133' title='bbox 1437 1834 1711 1897; x_wconf 88' lang='lat' dir='ltr'>perductet</span> <span class='ocrx_word' id='word_1_134' title='bbox 1743 1833 2019 1898; x_wconf 87' lang='lat' dir='ltr'>quispiam.</span> 
     </span>
     <span class='ocr_line' id='line_1_38' title="bbox 433 1915 771 1976; baseline 0.003 -14"><span class='ocrx_word' id='word_1_135' title='bbox 433 1915 613 1976; x_wconf 63' lang='lat' dir='ltr'>Aedis,</span> <span class='ocrx_word' id='word_1_136' title='bbox 642 1915 771 1963; x_wconf 76' lang='lat' dir='ltr'>dico,</span> 
     </span>
     <span class='ocr_line' id='line_1_39' title="bbox 793 1994 1851 2058; baseline 0.001 -15"><span class='ocrx_word' id='word_1_137' title='bbox 793 1996 932 2057; x_wconf 83' lang='lat' dir='ltr'>Ergo</span> <span class='ocrx_word' id='word_1_138' title='bbox 958 1994 1098 2043; x_wconf 85' lang='lat' dir='ltr'>intro</span> <span class='ocrx_word' id='word_1_139' title='bbox 1123 2010 1182 2043; x_wconf 91' lang='lat' dir='ltr'>eo</span> <span class='ocrx_word' id='word_1_140' title='bbox 1206 1994 1368 2057; x_wconf 88' lang='lat' dir='ltr'>igitur</span> <span class='ocrx_word' id='word_1_141' title='bbox 1393 1994 1505 2044; x_wconf 86' lang='lat' dir='ltr'>sine</span> <span class='ocrx_word' id='word_1_142' title='bbox 1529 1995 1851 2058; x_wconf 88' lang='lat' dir='ltr'>perductore.</span> 
     </span>
     <span class='ocr_line' id='line_1_40' title="bbox 1849 2060 2018 2125; baseline 0.006 -1"><span class='ocrx_word' id='word_1_143' title='bbox 1849 2060 2018 2125; x_wconf 73' lang='lat' dir='ltr'>Dicet.</span> 
     </span>
     <span class='ocr_line' id='line_1_41' title="bbox 431 2142 888 2220; baseline -0.007 -13"><span class='ocrx_word' id='word_1_144' title='bbox 431 2142 527 2207; x_wconf 73' lang='lat' dir='ltr'>sbo</span> <span class='ocrx_word' id='word_1_145' title='bbox 551 2157 690 2206; x_wconf 84' lang='lat' dir='ltr'>intro</span> <span class='ocrx_word' id='word_1_146' title='bbox 715 2157 888 2220; x_wconf 86' lang='lat' dir='ltr'>igitur.</span> 
     </span>
     <span class='ocr_line' id='line_1_42' title="bbox 844 2235 1688 2298; baseline 0.001 -13"><span class='ocrx_word' id='word_1_147' title='bbox 844 2237 1002 2286; x_wconf 77' lang='lat' dir='ltr'>Mane</span> <span class='ocrx_word' id='word_1_148' title='bbox 1028 2237 1116 2298; x_wconf 85' lang='grc'>818,</span> <span class='ocrx_word' id='word_1_149' title='bbox 1140 2235 1350 2286; x_wconf 89' lang='lat' dir='ltr'>uideam</span> <span class='ocrx_word' id='word_1_150' title='bbox 1374 2236 1439 2285; x_wconf 76' lang='lat' dir='ltr'>ne</span> <span class='ocrx_word' id='word_1_151' title='bbox 1463 2236 1688 2286; x_wconf 71' lang='lat' dir='ltr'>canis—</span> 
     </span>
     <span class='ocr_line' id='line_1_43' title="bbox 1616 2313 2018 2380; baseline 0.005 -15"><span class='ocrx_word' id='word_1_152' title='bbox 1616 2317 1858 2380; x_wconf 76' lang='lat' dir='ltr'>Agedum</span> <span class='ocrx_word' id='word_1_153' title='bbox 1880 2313 2018 2367; x_wconf 84' lang='lat' dir='ltr'>uide.</span> 
     </span>
     <span class='ocr_line' id='line_1_44' title="bbox 434 2381 2020 2464; baseline -0.002 -15"><span class='ocrx_word' id='word_1_154' title='bbox 434 2385 561 2449; x_wconf 75' lang='lat' dir='ltr'>Est:</span> <span class='ocrx_word' id='word_1_155' title='bbox 611 2399 710 2461; x_wconf 77' lang='lat' dir='ltr'>abi,</span> <span class='ocrx_word' id='word_1_156' title='bbox 753 2399 924 2448; x_wconf 85' lang='lat' dir='ltr'>canis:</span> <span class='ocrx_word' id='word_1_157' title='bbox 975 2402 1068 2460; x_wconf 85' lang='lat' dir='ltr'>est,</span> <span class='ocrx_word' id='word_1_158' title='bbox 1112 2398 1233 2447; x_wconf 70' lang='lat' dir='ltr'>abin</span> <span class='ocrx_word' id='word_1_159' title='bbox 1275 2393 1506 2464; x_wconf 63' lang='grc' dir='ltr'>(1161661ῑᾶ</span> <span class='ocrx_word' id='word_1_160' title='bbox 1522 2399 1547 2445; x_wconf 87' lang='lat'>?</span> <span class='ocrx_word' id='word_1_161' title='bbox 1619 2381 1760 2446; x_wconf 64' lang='lat' dir='ltr'>Abin</span> <span class='ocrx_word' id='word_1_162' title='bbox 1801 2398 1927 2447; x_wconf 89' lang='lat' dir='ltr'>hinc</span> <span class='ocrx_word' id='word_1_163' title='bbox 1964 2397 2020 2446; x_wconf 90' lang='lat' dir='ltr'>in</span> 
     </span>
     <span class='ocr_line' id='line_1_45' title="bbox 700 2476 2022 2537; baseline 0.002 -11"><span class='ocrx_word' id='word_1_164' title='bbox 700 2479 890 2527; x_wconf 77' lang='lat' dir='ltr'>malam</span> <span class='ocrx_word' id='word_1_165' title='bbox 916 2494 1117 2527; x_wconf 87' lang='lat' dir='ltr'>crucem</span> <span class='ocrx_word' id='word_1_166' title='bbox 1135 2480 1160 2527; x_wconf 65' lang='grc' dir='ltr'>’.Ρ</span> <span class='ocrx_word' id='word_1_167' title='bbox 1508 2476 1510 2478; x_wconf 62' lang='grc'><strong><em>’</em></strong></span> <span class='ocrx_word' id='word_1_168' title='bbox 1820 2488 1926 2537; x_wconf 80' lang='grc'>(849)</span> <span class='ocrx_word' id='word_1_169' title='bbox 1948 2489 2022 2528; x_wconf 82' lang='grc'>850</span> 
     </span>
     <span class='ocr_line' id='line_1_46' title="bbox 433 2546 1287 2609; baseline -0.004 0"><span class='ocrx_word' id='word_1_170' title='bbox 433 2546 516 2609; x_wconf 59' lang='lat' dir='ltr'>At</span> <span class='ocrx_word' id='word_1_171' title='bbox 540 2560 698 2608; x_wconf 88' lang='lat' dir='ltr'>etiam</span> <span class='ocrx_word' id='word_1_172' title='bbox 723 2560 891 2608; x_wconf 76' lang='lat' dir='ltr'>restas</span> <span class='ocrx_word' id='word_1_173' title='bbox 910 2561 936 2607; x_wconf 64' lang='grc' dir='ltr'>ἱ)</span> <span class='ocrx_word' id='word_1_174' title='bbox 978 2557 1092 2608; x_wconf 88' lang='lat' dir='ltr'>Abi</span> <span class='ocrx_word' id='word_1_175' title='bbox 1117 2558 1287 2607; x_wconf 86' lang='lat' dir='ltr'>istinc.</span> 
     </span>
     <span class='ocr_line' id='line_1_47' title="bbox 1315 2637 2019 2702; baseline 0.003 -16"><span class='ocrx_word' id='word_1_176' title='bbox 1315 2637 1409 2686; x_wconf 88' lang='lat' dir='ltr'>Nil</span> <span class='ocrx_word' id='word_1_177' title='bbox 1434 2638 1696 2702; x_wconf 89' lang='lat' dir='ltr'>periclist:</span> <span class='ocrx_word' id='word_1_178' title='bbox 1733 2639 1828 2702; x_wconf 76' lang='lat' dir='ltr'>age</span> <span class='ocrx_word' id='word_1_179' title='bbox 1851 2638 2019 2701; x_wconf 90' lang='lat' dir='ltr'>modo,</span> 
     </span>
     <span class='ocr_line' id='line_1_48' title="bbox 433 2718 2021 2784; baseline -0.002 -15"><span class='ocrx_word' id='word_1_180' title='bbox 433 2721 541 2770; x_wconf 73' lang='lat' dir='ltr'>tam</span> <span class='ocrx_word' id='word_1_181' title='bbox 571 2721 830 2784; x_wconf 87' lang='lat' dir='ltr'>placidast</span> <span class='ocrx_word' id='word_1_182' title='bbox 860 2736 1015 2784; x_wconf 92' lang='lat' dir='ltr'>quam</span> <span class='ocrx_word' id='word_1_183' title='bbox 1048 2719 1161 2768; x_wconf 77' lang='lat' dir='ltr'>feta</span> <span class='ocrx_word' id='word_1_184' title='bbox 1191 2719 1437 2782; x_wconf 86' lang='lat' dir='ltr'>quaeuis:</span> <span class='ocrx_word' id='word_1_185' title='bbox 1475 2718 1580 2767; x_wconf 88' lang='lat' dir='ltr'>eire</span> <span class='ocrx_word' id='word_1_186' title='bbox 1609 2719 1747 2768; x_wconf 90' lang='lat' dir='ltr'>intro</span> <span class='ocrx_word' id='word_1_187' title='bbox 1775 2718 2021 2768; x_wconf 73' lang='lat' dir='ltr'>audacter</span> 
     </span>
     <span class='ocr_line' id='line_1_49' title="bbox 702 2801 839 2849; baseline 0.007 -1"><span class='ocrx_word' id='word_1_188' title='bbox 702 2801 839 2849; x_wconf 88' lang='lat' dir='ltr'>licet.</span> 
     </span>
     <span class='ocr_line' id='line_1_50' title="bbox 434 2868 1083 2944; baseline -0.002 -14"><span class='ocrx_word' id='word_1_189' title='bbox 434 2868 513 2930; x_wconf 74' lang='lat' dir='ltr'>Eo</span> <span class='ocrx_word' id='word_1_190' title='bbox 537 2897 632 2944; x_wconf 88' lang='lat' dir='ltr'>ego</span> <span class='ocrx_word' id='word_1_191' title='bbox 658 2881 779 2929; x_wconf 90' lang='lat' dir='ltr'>hinc</span> <span class='ocrx_word' id='word_1_192' title='bbox 805 2882 873 2930; x_wconf 90' lang='lat' dir='ltr'>ad</span> <span class='ocrx_word' id='word_1_193' title='bbox 897 2880 1083 2930; x_wconf 73' lang='lat' dir='ltr'>forum.</span> 
     </span>
     <span class='ocr_line' id='line_1_51' title="bbox 1091 2958 2016 3010; baseline -0.001 -1"><span class='ocrx_word' id='word_1_194' title='bbox 1091 2960 1285 3010; x_wconf 84' lang='lat' dir='ltr'>Fecisti</span> <span class='ocrx_word' id='word_1_195' title='bbox 1310 2961 1601 3010; x_wconf 80' lang='lat' dir='ltr'>commode:</span> <span class='ocrx_word' id='word_1_196' title='bbox 1639 2961 1770 3009; x_wconf 90' lang='lat' dir='ltr'>bene</span> <span class='ocrx_word' id='word_1_197' title='bbox 1794 2958 2016 3009; x_wconf 59' lang='lat' dir='ltr'>Ambula.</span> 
     </span>
    </p>
   </div>
   <div class='ocr_carea' id='block_1_16' title="bbox 2116 2159 2190 3412">
    <p class='ocr_par' dir='ltr' id='par_1_16' title="bbox 2116 2159 2190 3412">
     <span class='ocr_line' id='line_1_52' title="bbox 2116 2159 2190 3412; baseline 0 0"><span class='ocrx_word' id='word_1_198' title='bbox 2116 2159 2190 3412; x_wconf 95' lang='lat' dir='ltr'> </span> 
     </span>
    </p>
   </div>
  </div>
 </body>
</html>
