2190 3412
265 254 335 306 46
757 266 806 305 T.
852 264 1046 306 MACCI
1084 264 1315 305 PLAVTI
1375 264 1479 317 [Ν.
1503 263 1546 304 2.
1573 264 1737 316 15-22;
1765 264 1851 304 111.
1875 263 2021 306 3.1—8

431 393 514 456 At
537 412 596 456 tu
619 423 836 470 mecum,
863 408 1119 471 pessume,
1145 407 1221 455 ito
1245 407 1511 461 aduorsus.

267 490 358 536 Ph.
1393 487 1594 545 Quaeso
1616 487 1790 536 hercle
1813 486 2020 538 abstine

433 569 534 617 iam
561 583 849 618 sermonem
876 569 940 616 de
965 566 1084 617 istis
1109 568 1273 617 rebus.

267 651 347 698 Pi.
1323 648 1535 698 Faciam
1559 653 1613 698 et
1635 649 1850 713 pultabo
1874 647 2019 699 foris.

501 731 665 792 Heus,
692 730 867 794 ecquis
892 730 979 779 hic
1004 734 1099 792 est,
1124 730 1424 779 maxumam
1449 729 1532 779 his
1558 729 1650 793 qui
1673 727 1920 778 iniuriam

500 810 701 860 foribus
728 811 980 860 defendat
997 812 1023 859 ‘e
1092 796 1291 874 Ecquis
1314 810 1409 859 has
1434 809 1604 874 aperit
1627 810 1760 859 foris
1781 811 1808 859 ε)
1949 819 2023 858 900

634 893 802 940 Nemo
826 891 1167 956 hincquidem
1195 891 1350 941 foras
1363 891 1486 940 exit.

566 972 641 1022 Vt
666 973 778 1021 e'sse
800 973 1020 1021 addecet
1042 973 1268 1035 nequam
1291 972 1543 1034 homines,
1569 971 1648 1020 ita
1669 975 1805 1021 sunt.

704 1053 803 1102 Sed
828 1054 888 1102 eo
913 1053 1080 1115 magis
1105 1053 1311 1102 cautost
1335 1069 1478 1116 opus,
1913 1061 2022 1101 902b

636 1149 702 1182 ne
726 1133 826 1182 huc
852 1134 1003 1182 exeat
1028 1133 1120 1197 qui
1143 1133 1279 1182 male
1303 1132 1510 1182 mulcet.
1643 1123 1650 1131 ²

1027 1282 1204 1332 Somne
1238 1284 1283 1332 3.

268 1410 466 1460 ΤΒΑΝῙΟ,
493 1408 673 1451 SeruOS.
796 1408 1176 1456 Tanornopnms,
1201 1406 1355 1448 Senex.
1468 1406 1745 1458 Pmmscvs,
1769 1406 2021 1457 Pnumvu,

947 1476 1268 1517 Aduorsitores
1296 1476 1359 1516 ΙΙ.

272 1582 495 1647 [Tranio
531 1584 778 1630 advances
808 1582 925 1629 with
960 1581 1038 1628 his
1072 1586 1258 1628 master
1280 1581 1424 1642 from
1460 1578 1649 1628 Simo's
1683 1580 1834 1627 house
1869 1586 1916 1628 to
1948 1580 2025 1627 the

355 1666 502 1726 frent
526 1665 588 1724 of
615 1664 691 1710 the
717 1669 866 1725 staqe,
893 1667 977 1709 not
1013 1662 1271 1723 observinq
1306 1661 1384 1708 the
1418 1666 1511 1708 two
1540 1657 1935 1726 aduersitores]

278 1783 357 1830 Tr.
435 1779 571 1838 Quid
596 1779 697 1828 tibi
721 1779 948 1827 uisumst
973 1775 1321 1826 mercimoni?

277 1864 363 1910 Th.
1389 1857 1552 1906 Totus
1575 1861 1718 1906 totus
1743 1854 1954 1919 gaudeo

277 1945 357 1991 Tr.
435 1941 577 1990 Num
603 1940 765 1989 nimio
790 1943 996 2003 emptae
1020 1938 1119 1987 tibi
1143 1938 1391 1987 uidentur
1409 1939 1435 1986 ?

277 2025 362 2071 Th.
1003 2018 1304 2082 Nsunquam
1330 2017 1513 2081 edepol
1538 2033 1632 2080 ego
1655 2017 1738 2066 me
1763 2017 1871 2067 scio
1953 2026 2032 2065 905,

352 2153 356 2158 ,
436 2102 633 2151 uidisse
657 2116 905 2165 umquam
931 2099 1159 2149 abiectas
1185 2099 1354 2161 aedeS‚
1380 2098 1485 2147 nisi
1510 2098 1664 2146 modo
1686 2098 1854 2147 hasce.

278 2187 358 2234 Tr.
1542 2177 1747 2242 Ecquid.
1770 2178 1981 2242 placent
1995 2178 2023 2227 ?

278 2268 364 2314 Th.
439 2250 644 2327 Ecquid
680 2263 934 2327 placeant,
973 2261 1056 2310 me
1091 2261 1285 2329 rogas?
1356 2260 1525 2309 Immo
1559 2258 1734 2308 hercle
1768 2273 1893 2307 uero
1915 2257 2028 2322 per-

703 2344 926 2407 placent.

278 2431 358 2477 Tr.
436 2424 775 2493 QuQsmodi
801 2424 1118 2488 gynaeceum
1140 2423 1167 2471 ‘?
1235 2421 1375 2480 Quid
1398 2420 1655 2484 porticum
1673 2421 1698 2468 ἶ)

278 2510 363 2557 Th.
1544 2498 1795 2549 Insanum
1818 2499 2022 2549 bonam.

434 2588 558 2637 Non
610 2586 849 2649 equidem
898 2583 1061 2632 ullam
1113 2582 1170 2630 in
1217 2580 1424 2645 publico
1470 2595 1583 2628 esse
1630 2579 1878 2628 maiorem
1927 2578 2026 2629 hac

704 2665 975 2714 existumo.
1953 2668 2028 2707 909

278 2752 358 2799 Tr.
437 2747 574 2806 Quin
598 2762 693 2810 ego
716 2746 827 2809 ipse
854 2749 906 2793 et
931 2742 1263 2792 Philolaches
1288 2741 1343 2789 in
1367 2739 1576 2804 publico
1601 2739 1770 2789 omnis
1793 2738 2024 2804 porticus

438 2828 618 2879 sumus
642 2824 939 2876 commensi.

279 2913 364 2960 Th.
861 2904 998 2963 Quid
1021 2903 1184 2966 igitur
1201 2905 1228 2952 ?

279 2994 358 3039 Tr.
1176 2985 1352 3045 Longe
1377 2982 1610 3031 omnium
1634 2981 2021 3043 longissumast.
