2190 3412
214 245 270 286 v.
297 246 336 286 1.
362 245 520 300 31-42]
867 245 1316 287 MOSTELLARIA.
1899 234 1968 288 57

222 391 308 438 Tr.

223 471 309 518 Th.

222 552 303 598 Tr.

222 632 308 679 Th.

220 793 302 841 Tr.

220 874 309 921 Th.

220 955 300 1002 Tr.

223 2890 308 2936 Th..
335 2894 340 2898 ’

387 388 612 446 Quidum
629 390 655 437 ?

519 457 521 459 ’
679 469 811 528 Quia
834 469 992 532 negat
1015 469 1224 519 nouisse
1249 470 1341 519 u6s
1357 501 1425 508 —-

1394 552 1569 614 Negat
1583 552 1610 600 ?

1630 647 1725 680 nec
1751 632 1843 682 ucs
1869 632 1970 682 sibi

379 710 650 760 mimmum
673 727 921 776 umquam
945 712 1178 775 argentei
1201 712 1419 761 dedisse.

775 792 895 855 Abi,
921 791 1059 842 hidis
1085 808 1192 841 me:
1232 793 1384 840 credo
1407 791 1549 841 hafid
1572 798 1742 852 negat.
1877 803 1972 841 1080

381 873 519 931 Quid
543 873 647 922 iam
667 875 693 922 ?
1653 915 1661 923 .

579 954 709 1016 8016,
726 953 914 1003 iocaris
929 958 990 1003 tu
1007 970 1172 1003 nunc:
1199 970 1318 1003 nam
1340 954 1431 1003 ssle
1449 954 1582 1003 illud
1601 955 1814 1019 quidem
1830 955 1971 1005 hafid

645 1040 815 1098 negat.

379 1100 548 1164 fmmo
595 1115 779 1179 edepol
825 1116 982 1178 negat
1027 1115 1278 1180 profecte,
1314 1116 1483 1179 neque
1531 1132 1585 1166 se
1633 1117 1789 1166 hasce
1825 1118 1970 1167 aedis

644 1196 938 1246 Philolachi

382 1277 698 1327 uendidisse.

598 1359 713 1407 Eho
737 1359 804 1408 an
828 1360 1042 1422 negauit
1068 1359 1167 1408 sibi
1193 1359 1375 1408 datum
1401 1364 1691 1422 argentum,
1717 1361 1926 1411 6bsecro
1945 1363 1970 1410 ?

298 1477 308 1487 .
380 1438 482 1497 Qui
504 1439 586 1488 ius
611 1439 888 1488 iurandi'im
911 1440 1204 1503 pollicitust
1228 1440 1351 1488 dare
1376 1455 1444 1501 se,
1472 1440 1517 1489 si
1541 1440 1748 1502 uellem,
1774 1441 1947 1490 mihi?

292 1557 302 1568 .
376 1519 560 1583 Neque
596 1534 650 1569 se
682 1519 836 1569 hasce
869 1521 1014 1569 aedis
1047 1520 1349 1570 uendidisse
1378 1521 1546 1584 neque
1573 1520 1672 1569 sibi
1697 1522 1969 1583 argentfim

648 1600 829 1649 datum
844 1602 870 1650 ‘?
1730 1612 1862 1660 (1085)
1878 1614 1972 1652 1086

298 1719 309 1729 .
381 1680 509 1730 Dixi
533 1696 627 1743 ego
650 1681 786 1748 isyuc
811 1681 950 1730 idem
976 1681 1070 1730 ssli.

1029 1762 1167 1821 Quid
1191 1762 1266 1811 ait
1281 1765 1306 1812 ?

1316 1843 1502 1894 Seruos
1528 1843 1822 1909 pollieitfist
1848 1846 1969 1895 dare

381 1924 502 1990 sigSS
527 1923 657 1971 mihi
683 1924 851 1974 omnis
876 1924 1182 1988 quaestioni.

1040 2003 1250 2067 Nfigas:
1289 2020 1574 2068 numquam
1599 2005 1781 2069 edepdl
1808 2006 1967 2056 dabit.

378 2084 484 2132 Dat
507 2084 754 2147 profecto.

818 2164 952 2223 Quin
978 2170 1033 2214 eb
1056 2161 1206 2213 illfim
1231 2165 1287 2213 in
1310 2165 1392 2214 ius
1419 2165 1463 2214 si
1487 2166 1710 2228 ueniam,
1736 2182 1900 2216 mane.

298 2283 308 2293 .
381 2230 653 2308 Experiar,
678 2251 739 2295 ut
762 2245 957 2309 opinor.

863 2326 1128 2376 Certumst
1143 2328 1169 2375 ?

1090 2407 1366 2458 Certumst.

1235 2488 1370 2536 Mihi
1395 2489 1659 2538 hominem
1685 2490 1837 2539 cedo:
1876 2502 1971 2540 1090

380 2568 464 2617 uel
489 2568 751 2617 hominem
776 2574 835 2618 tu
859 2568 1002 2619 aedis
1027 2569 1288 2633 mancipio
1312 2570 1478 2633 pesce.

1272 2651 1440 2699 Immo
1464 2649 1560 2699 hoc
1585 2650 1810 2714 primfim
1834 2650 1968 2713 uolo,

382 2729 674 2792 quaestioni
699 2730 930 2794 accipere
957 2731 1148 2781 seruos.

1212 2811 1535 2861 Faciundum
1561 2812 1745 2876 edepol
1770 2812 1964 2862 censeo.

379 2888 514 2946 Quid
540 2890 583 2938 si
611 2890 771 2952 igitur
795 2905 889 2954 ego
912 2891 1168 2940 accersam
1194 2891 1432 2941 homines
1450 2893 1476 2939 ?

1217 2972 1435 3020 Factum
1459 2972 1561 3021 iam
1587 2987 1699 3021 esse
1725 2973 1967 3036 op6rtuit.
