2190 3412
214 261 275 304 11.
300 261 343 304 2.
368 261 528 316 37-60]
873 261 1322 303 Mos'rELLAmA.
1903 253 1972 306 25

212 2902 298 3030 ³³3³
212 2662 298 2790 ³³3³

729 404 901 454 Aedes
924 420 991 454 ne
1014 404 1267 467 attigatiS.
1339 404 1564 468 Tangite

379 500 473 534 uos
498 485 704 549 quoque
727 490 934 535 terram.

939 566 1164 617 Obsecro
1188 566 1376 629 hercle,
1403 566 1534 631 quin
1558 566 1797 631 eloquere
1822 583 1930 617 rem
1946 570 1972 618 ?

378 646 512 705 Quia
531 647 728 710 septem
755 662 959 697 menses
985 646 1121 709 sunt,
1143 663 1299 711 quom
1322 647 1379 695 in
1403 647 1558 696 hasce
1583 647 1728 698 aedis
1753 649 1939 712 pedem

377 743 530 776 nemo
554 727 694 776 intro
716 728 912 789 tetulit,
939 727 1099 778 semel
1122 733 1183 777 ut
1207 727 1594 792 emigrauimus.
1899 742 1972 780 471

376 808 650 872 Eloquere,
676 808 803 872 quid
827 808 904 858 ita
923 810 950 858 ⁶?

1001 888 1495 953 Circumspicedum,
1521 889 1765 954 numquis
1790 895 1872 940 est

378 970 667 1019 sermonem
691 974 925 1019 nostrum
952 969 1043 1033 qui
1068 969 1290 1034 aucupet
1305 972 1332 1019 ?

1393 1050 1588 1100 Tutum
1611 1052 1834 1116 probest.

375 1130 726 1195 Circumspice
750 1131 923 1180 etiam.

987 1213 1237 1262 Nomost:
1276 1212 1486 1276 loquere
1510 1212 1766 1262 nunciam.

377 1293 615 1357 Capitale
641 1292 809 1342 scelus
834 1291 1100 1363 factumst.

648 1376 651 1380 '
1061 1374 1195 1432 Quid
1222 1378 1302 1423 est
1319 1376 1345 1423 ἵ)
1414 1375 1534 1423 Non
1561 1373 1822 1437 intellego.
1897 1387 1970 1425 475

377 1454 555 1504 Scelus
580 1453 793 1518 inquam
818 1454 1073 1503 factumst
1098 1455 1201 1504 iam
1227 1455 1318 1503 diu
1343 1455 1612 1518 antiquom
1639 1455 1692 1503 et
1715 1460 1882 1504 uetus.

373 1534 663 1599 Antiquom
681 1537 708 1584 ⁴?

703 1623 707 1626 ’
769 1615 835 1664 Id
860 1616 988 1664 adeo
1012 1616 1107 1665 nos
1131 1631 1269 1665 nunc
1294 1616 1492 1665 factum
1519 1615 1829 1665 inuenimus.

373 1696 509 1754 Quid
533 1695 668 1745 istuc
693 1700 788 1758 est,
816 1696 1048 1758 sceleste,
1075 1695 1165 1745 aut
1189 1696 1308 1760 quis
1334 1697 1389 1745 id
1413 1695 1555 1758 fecit,
1582 1697 1721 1745 cedo,

373 1777 582 1841 Hospes
605 1776 813 1826 necauit
837 1776 1099 1841 hospitem
1124 1776 1333 1840 captum
1358 1793 1514 1825 manu
1530 1808 1597 1814 —-

372 1857 490 1918 iste,
514 1856 574 1906 fit
597 1872 692 1919 ego
715 1857 913 1921 opinor,
939 1857 1031 1922 qui
1055 1857 1150 1907 has
1175 1857 1274 1906 tibi
1298 1852 1444 1907 aedis
1468 1857 1723 1906 uendidit.
1895 1870 1969 1907 480

370 1937 595 1987 Necauit
609 1939 635 1986 ?

704 2018 1010 2082 Aurumque
1034 2006 1082 2067 ei
1107 2018 1302 2068 ademit
1324 2018 1522 2083 hospiti

371 2105 593 2163 eumque
616 2099 703 2149 hic
727 2099 929 2149 defodit
952 2099 1212 2163 hospitem
1237 2098 1431 2148 ibidem
1456 2098 1512 2147 in
1536 2099 1764 2149 aedibus.

369 2179 696 2244 Quapropter
721 2179 777 2229 id
800 2195 894 2229 uos
919 2179 1116 2229 factum
1145 2179 1524 2243 suspicamini?

369 2261 490 2323 Ego·
507 2259 691 2321 dicam,
717 2259 982 2309 ausculta:
1020 2258 1080 2308 1'1t
1105 2259 1234 2309 foris
1259 2260 1536 2309 cenauerat

371 2345 489 2390 tuos
515 2340 717 2403 gnatus,
743 2344 1018 2404 postquam
1045 2340 1202 2389 rediit
1226 2355 1256 2389 a
1281 2340 1407 2389 cena
1430 2340 1656 2403 domum,
1893 2353 1966 2391 485

370 2420 572 2471 abimus
596 2436 773 2470 omnes
798 2419 1047 2482 cubitum,
1075 2419 1528 2470 condormiuimus.

371 2502 659 2551 Lucornam
684 2501 822 2550 forte
849 2500 1043 2550 oblitus
1068 2501 1270 2550 fueram
1297 2500 1628 2564 extinguere:

370 2586 526 2645 atque
551 2580 641 2630 ssle
666 2582 925 2631 exclamat
949 2582 1228 2646 dorepente
1252 2581 1567 2631 maxumum.

369 2661 499 2721 Quis
523 2661 715 2711 homo?
785 2647 879 2711 Ᾰιι
905 2666 1093 2725 gnatus
1119 2669 1264 2711 meus
1282 2663 1308 2711 ?

1255 2742 1330 2804 St,
1355 2747 1494 2791 tace:
1533 2742 1771 2792 ausculta
1794 2743 1960 2792 mod0.

371 2822 466 2871 Ait
489 2821 696 2872 uonisse
722 2822 871 2871 illurn
897 2822 954 2871 in
978 2822 1174 2872 somnis
1199 2823 1267 2872 ad
1291 2838 1345 2872 se
1369 2823 1626 2872 mortuom
1645 2852 1711 2860 —
1891 2836 1965 2871 490

368 2903 572 2966 Nempe
597 2902 718 2965 ergo
742 2902 798 2951 in
823 2902 1017 2952 somnis
1034 2904 1060 2951 ’.Ρ

1129 2967 1229 3044 sta,
1256 2983 1348 3032 sed
1372 2982 1609 3033 ausculta
1632 2983 1796 3032 modo.
