2190 3412
225 210 258 279 8
826 224 875 263 Τ.
923 223 1117 264 MACCI
1155 224 1384 264 PLAVTI
1486 224 1544 277 [1.
1569 224 1610 265 2.
1636 225 1769 266 55-77
1787 238 1799 277 ;
1828 225 1870 266 3.
1897 226 1975 267 1-2

523 365 728 428 Pestea,
755 381 911 429 quom
936 365 1214 428 inmigraui
1238 364 1505 428 ingenium
1529 366 1586 414 in
1610 366 1797 430 meum,
1906 379 1977 417 135

524 446 731 510 perdidi
756 446 962 510 operam
989 446 1256 495 fabrorum
1282 446 1403 496 ilico
1427 447 1632 511 oppide.

523 526 682 595 Venit
707 527 944 588 ignauia:
984 543 1045 576 ea
1068 526 1142 574 mi
1167 528 1451 591 tempestas
1476 528 1597 590 fuit,

525 609 597 656 mi
620 609 851 657 aduentu
877 608 970 656 sue
996 608 1297 669 grandinem
1327 608 1647 671 imbremque
1671 600 1868 660 attulit.

524 690 670 738 Haec
694 687 1061 737 uerecundiam
1086 688 1159 736 mi
1185 689 1237 736 et
1261 688 1474 737 uirtutis
1499 689 1708 738 modum

390 769 701 831 deturbauit,
729 769 947 818 extersit:
973 769 1275 831 detexitque
1300 784 1331 817 a
1355 769 1473 817 med
1497 768 1632 819 ilico.
1658 831 1661 834 ‚
1905 783 1977 822 140

525 851 748 900 Pestilla
771 850 1003 915 optigere
1030 846 1090 898 ea
1113 849 1393 912 neglegens
1417 849 1512 898 fui.

457 931 716 980 Continuo
740 948 833 996 pro
857 932 1021 981 imbre
1047 946 1189 980 amor
1215 925 1428 979 aduenit
1452 930 1507 978 in
1532 931 1617 979 οό1·
1640 947 1826 982 meum.

389 1011 443 1060 Is
462 1011 626 1075 usque
645 1013 700 1060 in
719 1018 899 1076 pectus
926 1011 1268 1076 permanauit,
1290 1011 1663 1075 permadefecit
1682 1013 1767 1061 cor
1786 1029 1971 1062 meum.

521 1093 674 1142 Nunc
701 1094 857 1143 simul
882 1095 979 1155 res,
1007 1094 1152 1156 fides,
1184 1094 1340 1154 fama,
1368 1091 1552 1154 uirtuS,
1579 1093 1736 1142 decus

388 1174 752 1239 deseruerunt:
795 1175 888 1236 ego
914 1191 1025 1224 sum
1046 1174 1101 1222 in
1120 1191 1219 1223 usu
1243 1174 1416 1223 factus
1440 1173 1603 1221 nimio
1627 1174 1859 1237 nequior.
1904 1184 1975 1222 145

387 1255 563 1318 Atque
610 1257 792 1319 edepol
838 1256 915 1304 ita
954 1256 1081 1323 haec
1122 1255 1270 1318 tigna
1313 1250 1494 1304 umida
1539 1254 1819 1318 deputent:
1870 1273 1974 1306 non

655 1337 834 1385 uideer
859 1337 990 1384 mihi

389 1416 578 1466 sarcire
603 1433 754 1480 posse
780 1418 933 1466 aedes
959 1433 1113 1478 meas,
1142 1417 1270 1480 quin
1294 1417 1433 1466 tetae
1458 1418 1738 1481 perpetuae
1762 1423 1932 1481 ruant,

387 1514 509 1562 qum
543 1497 883 1547 fundamento
915 1498 1181 1562 perierint,
1209 1513 1302 1547 nec
1327 1497 1604 1562 quisquam
1635 1513 1748 1547 esse
1777 1499 1974 1550 auxilie

654 1585 824 1642 queat.
1531 1639 1532 1642 Ἴ

522 1660 621 1710 Cer
645 1661 802 1722 dolet,
829 1661 984 1724 quem
1010 1661 1116 1710 scio
1143 1665 1200 1710 ut
1224 1659 1361 1710 nunc
1387 1677 1502 1710 sum
1529 1666 1686 1724 atque
1710 1666 1771 1710 ut
1795 1661 1901 1711 fui:

520 1742 623 1804 que
647 1757 814 1804 neque
838 1740 1125 1790 industrior
1150 1742 1214 1790 de
1240 1740 1514 1790 iuuentute
1539 1747 1650 1791 erat
1901 1754 1973 1792 150

520 1823 631 1871 arte
656 1822 998 1887 gymnastica,
1026 1822 1182 1883 discO,
1210 1822 1393 1884 hastiS‚
1420 1822 1543 1886 pila,

519 1902 686 1964 cursu,
713 1903 887 1964 armis,
916 1904 1074 1966 eque:
1115 1902 1419 1952 uictitabam
1443 1903 1618 1967 uolup.
1774 1913 1879 1961 (152)
1901 1913 1972 1952 153

384 1984 711 2033 Parsimonia
737 1984 789 2032 et
814 1983 1008 2032 duritia
1032 1983 1379 2047 discipulinae
1404 1983 1551 2032 alieis
1577 1999 1745 2032 eram:

383 2064 583 2129 eptumi
610 2064 802 2127 quique
831 2065 1147 2128 expetebant
1171 2065 1202 2113 a
1225 2080 1307 2113 me
1332 2064 1617 2113 doctrinam
1647 2065 1760 2114 sibi.
1899 2075 1971 2113 155

381 2145 552 2207 Nunc,
595 2149 872 2209 postquam
918 2145 1018 2193 nili
1065 2161 1194 2207 sum,
1238 2145 1294 2193 id
1338 2160 1462 2194 uero
1508 2145 1714 2211 meepte
1762 2144 1970 2207 ingenio

649 2225 869 2290 repperi.

965 2348 1143 2397 SGENE
1177 2348 1223 2397 3.

214 2483 812 2531 PH1LEMAT1VM‚Meretrix.
858 2481 1272 2532 SOAPHA‚·Ancilla.
1316 2482 1662 2533 PH1LOLACHES,
1678 2482 1963 2523 Adulescens.

220 2593 408 2658 [Emer
442 2583 812 2653 Philematium,
849 2594 964 2640 with
1002 2592 1213 2653 Scapha,
1240 2594 1383 2653 from
1419 2593 1495 2639 the
1531 2593 1681 2639 house
1715 2594 1778 2653 of
1815 2593 1967 2640 Theo-

340 2676 589 2736 propides.
674 2674 985 2722 Philolaches
1022 2675 1218 2720 “stands
1270 2674 1585 2733 unobserved,
1635 2675 1739 2720 and
1791 2674 1968 2734 speaks

304 2812 306 2815 ¹
347 2758 487 2803 assde
522 2756 595 2802 till
630 2756 708 2802 his
743 2769 1052 2815 appearance
1087 2760 1138 2801 at
1174 2755 1273 2800 line
1308 2752 1450 2817 293]

215 2879 328 2926 Pm.
386 2877 500 2925 Iam
526 2875 727 2939 pridem
753 2880 952 2924 ecastor
977 2874 1173 2936 frigida
1196 2890 1301 2922 non
1326 2873 1433 2922 lani
1458 2873 1625 2935 magis
1651 2873 1904 2935 lubenter,

381 2972 475 3004 nec
500 2957 654 3019 quem
680 2971 761 3005 me
786 2955 988 3016 meliuS‚
1015 2956 1129 3003 mea
1155 2948 1372 3018 Scapha,
1401 2969 1515 3003 rear
1539 2955 1652 3002 esse
1677 2950 1960 3002 delicatam.
